
@book{Madigan_Michael2021-07-01,
title={Brock Biology of Microorganisms, Global Edition},
author={Madigan, Michael and Aiyer, Jennifer and Buckley, Daniel and Sattley, W. and Stahl, David},
publisher={Pearson},
year={2021},
month={7},
day={1},
date={2021-07-01},
isbn={978-1292404790},
isbn10={1292404795},
}

@article{Baranyi1995,
  doi = {10.1016/0168-1605(94)00121-l},
  url = {https://doi.org/10.1016/0168-1605(94)00121-l},
  year = {1995},
  month = jul,
  publisher = {Elsevier {BV}},
  volume = {26},
  number = {2},
  pages = {199--218},
  author = {J{\'{o}}zsef Baranyi and Terry A. Roberts},
  title = {Mathematics of predictive food microbiology},
  journal = {International Journal of Food Microbiology}
}

@article{Peleg2011,
  doi = {10.1080/10408398.2011.570463},
  url = {https://doi.org/10.1080/10408398.2011.570463},
  year = {2011},
  month = dec,
  publisher = {Informa {UK} Limited},
  volume = {51},
  number = {10},
  pages = {917--945},
  author = {Micha Peleg and Maria G. Corradini},
  title = {Microbial Growth Curves: What the Models Tell Us and What They Cannot},
  journal = {Critical Reviews in Food Science and Nutrition}
}

@article{Johnson2004,
  doi = {10.1016/j.tree.2003.10.013},
  url = {https://doi.org/10.1016/j.tree.2003.10.013},
  year = {2004},
  month = feb,
  publisher = {Elsevier {BV}},
  volume = {19},
  number = {2},
  pages = {101--108},
  author = {Jerald B. Johnson and Kristian S. Omland},
  title = {Model selection in ecology and evolution},
  journal = {Trends in Ecology and Evolution}
}

@article{Zwietering1990,
  doi = {10.1128/aem.56.6.1875-1881.1990},
  url = {https://doi.org/10.1128/aem.56.6.1875-1881.1990},
  year = {1990},
  month = jun,
  publisher = {American Society for Microbiology},
  volume = {56},
  number = {6},
  pages = {1875--1881},
  author = {M. H. Zwietering and I. Jongenburger and F. M. Rombouts and K. van {\textquotesingle}t Riet},
  title = {Modeling of the Bacterial Growth Curve},
  journal = {Applied and Environmental Microbiology}
}

@article{Allen2018,
  doi = {10.1088/1361-6633/aae546},
  url = {https://doi.org/10.1088/1361-6633/aae546},
  year = {2018},
  month = nov,
  publisher = {{IOP} Publishing},
  volume = {82},
  number = {1},
  pages = {016601},
  author = {Rosalind J Allen and Bartlomiej Waclaw},
  title = {Bacterial growth: a statistical physicist's guide},
  journal = {Reports on Progress in Physics}
}

@article{Symonds2010,
  doi = {10.1007/s00265-010-1037-6},
  url = {https://doi.org/10.1007/s00265-010-1037-6},
  year = {2010},
  month = aug,
  publisher = {Springer Science and Business Media {LLC}},
  volume = {65},
  number = {1},
  pages = {13--21},
  author = {Matthew R. E. Symonds and Adnan Moussalli},
  title = {A brief guide to model selection,  multimodel inference and model averaging in behavioural ecology using Akaike's information criterion},
  journal = {Behavioral Ecology and Sociobiology}
}

@article{Galarz2016,
  doi = {10.1177/1082013215618519},
  url = {https://doi.org/10.1177/1082013215618519},
  year = {2016},
  month = jul,
  publisher = {{SAGE} Publications},
  volume = {22},
  number = {6},
  pages = {461--474},
  author = {Liane Aldrighi Galarz and Gustavo Graciano Fonseca and Carlos Prentice},
  title = {Predicting bacterial growth in raw,  salted,  and cooked chicken breast fillets during storage},
  journal = {Food Science and Technology International}
}

@article{Bae2014,
  doi = {10.1111/1750-3841.12644},
  url = {https://doi.org/10.1111/1750-3841.12644},
  year = {2014},
  month = sep,
  publisher = {Wiley},
  volume = {79},
  number = {10},
  pages = {M2072--M2080},
  author = {Young-Min Bae and Ling Zheng and Jeong-Eun Hyun and Kyu-Seok Jung and Sunggi Heu and Sun-Young Lee},
  title = {Growth Characteristics and Biofilm Formation of Various Spoilage Bacteria Isolated from Fresh Produce},
  journal = {Journal of Food Science}
}